<record><leader>00000cas a2200000 a 4500</leader><controlfield tag="001">13782035</controlfield><controlfield tag="008">860626d18771882vtudn ne      0    0eng  </controlfield><datafield ind1=" " ind2=" " tag="010"><subfield code="a">sn 86071668 </subfield></datafield><datafield ind1=" " ind2=" " tag="040"><subfield code="a">DLC</subfield><subfield code="b">eng</subfield><subfield code="c">DLC</subfield><subfield code="d">MGN</subfield><subfield code="d">NVF</subfield><subfield code="d">NVN</subfield><subfield code="d">DLC</subfield><subfield code="d">OCLCO</subfield><subfield code="d">OCLCQ</subfield><subfield code="d">DLC</subfield><subfield code="d">OCLCA</subfield><subfield code="d">OCLCF</subfield></datafield><datafield ind1="1" ind2=" " tag="029"><subfield code="a">AU@</subfield><subfield code="b">000021635938</subfield></datafield><datafield ind1=" " ind2=" " tag="042"><subfield code="a">pcc</subfield></datafield><datafield ind1=" " ind2=" " tag="043"><subfield code="a">n-us-vt</subfield></datafield><datafield ind1="0" ind2="0" tag="050"><subfield code="a">Newspaper 9952-X</subfield></datafield><datafield ind1="0" ind2="4" tag="245"><subfield code="a">The Rutland daily herald and globe.</subfield></datafield><datafield ind1="1" ind2="3" tag="246"><subfield code="a">Rutland herald and globe</subfield></datafield><datafield ind1="1" ind2=" " tag="246"><subfield code="i">Issues for Sept. 10, 1877-[Dec. 31, 1879] called:</subfield><subfield code="a">Rutland daily herald &amp; globe</subfield></datafield><datafield ind1=" " ind2=" " tag="260"><subfield code="a">Rutland, Vt. :</subfield><subfield code="b">Herald and Globe Association,</subfield><subfield code="c">1877-1882.</subfield></datafield><datafield ind1=" " ind2=" " tag="300"><subfield code="a">v. :</subfield><subfield code="b">ill. ;</subfield><subfield code="c">63 cm.</subfield></datafield><datafield ind1=" " ind2=" " tag="310"><subfield code="a">Daily (except Sunday)</subfield></datafield><datafield ind1="0" ind2=" " tag="362"><subfield code="a">Vol. 17, no. 103 (Sept. 1, 1877)-v. 22, no. 137 (Oct. 7, 1882).</subfield></datafield><datafield ind1=" " ind2=" " tag="500"><subfield code="a">"Daily" appears in title ornament, &lt;1879&gt;.</subfield></datafield><datafield ind1=" " ind2=" " tag="530"><subfield code="a">Also issued on microfilm from Micro Photo Div., Bell &amp; Howell Co.</subfield></datafield><datafield ind1=" " ind2=" " tag="580"><subfield code="a">Formed by the union of: Rutland daily herald (Rutland, Vt. : 1861), and: Rutland daily globe.</subfield></datafield><datafield ind1=" " ind2="0" tag="651"><subfield code="a">Rutland (Vt.)</subfield><subfield code="v">Newspapers.</subfield></datafield><datafield ind1=" " ind2="0" tag="651"><subfield code="a">Rutland County (Vt.)</subfield><subfield code="v">Newspapers.</subfield></datafield><datafield ind1=" " ind2="0" tag="651"><subfield code="a">Vermont</subfield><subfield code="v">Newspapers.</subfield></datafield><datafield ind1=" " ind2="7" tag="655"><subfield code="a">Newspapers.</subfield><subfield code="2">fast</subfield><subfield code="0">(OCoLC)fst01423814</subfield></datafield><datafield ind1=" " ind2="7" tag="651"><subfield code="a">Vermont.</subfield><subfield code="2">fast</subfield><subfield code="0">(OCoLC)fst01204305</subfield></datafield><datafield ind1=" " ind2="7" tag="651"><subfield code="a">Vermont</subfield><subfield code="z">Rutland.</subfield><subfield code="2">fast</subfield><subfield code="0">(OCoLC)fst01214597</subfield></datafield><datafield ind1=" " ind2="7" tag="651"><subfield code="a">Vermont</subfield><subfield code="z">Rutland County.</subfield><subfield code="2">fast</subfield><subfield code="0">(OCoLC)fst01211879</subfield></datafield><datafield ind1=" " ind2=" " tag="752"><subfield code="a">United States</subfield><subfield code="b">Vermont</subfield><subfield code="c">Rutland</subfield><subfield code="d">Rutland.</subfield></datafield><datafield ind1="1" ind2=" " tag="775"><subfield code="t">Rutland weekly herald &amp; globe</subfield><subfield code="w">(DLC)sn 86071667</subfield><subfield code="w">(OCoLC)13781932</subfield></datafield><datafield ind1="1" ind2="4" tag="780"><subfield code="t">Rutland daily herald (Rutland, Vt. : 1861)</subfield><subfield code="w">(DLC)sn 84022521</subfield><subfield code="w">(OCoLC)10453637</subfield></datafield><datafield ind1="1" ind2="4" tag="780"><subfield code="t">Rutland daily globe</subfield><subfield code="x">2328-3432</subfield><subfield code="w">(DLC)sn 84022473</subfield><subfield code="w">(OCoLC)10412435</subfield></datafield><datafield ind1="0" ind2="0" tag="785"><subfield code="t">Rutland daily herald (Rutland, Vt. : 1882)</subfield><subfield code="w">(DLC)sn 86071669</subfield><subfield code="w">(OCoLC)11902841</subfield></datafield></record>